@misc{cryptowiki,
title={Cryptography},
author={Wikipedia},
year={2012},
month={November},
howpublished={\url{http://en.wikipedia.org/wiki/Cryptography}},
}

@book{Stallings2010,
author={W. Stallings},
title={Cryptography an Network Security: Principles and Practice},
year={2010},
edition={5},
publisher={Prentice Hall}
}