@misc{haskellPSO,
  author = {Rabanal, Pablo and Rod√≠guez, Ismael and Rubio, Fernando},
  howpublished = {\url{http://antares.sip.ucm.es/prabanal/english/heuristics_library.html}},
  note = {Accessed: February,2014}
}

@misc{sublime,
  author = {Skinner, Jon},
  howpublished = {\url{http://www.sublimetext.com}},
  note = {Accessed: February,2014}
}

@misc{moea
  author = {Anagnostopoulos, Konstantinos P. and Mamanis, Georgios},
  title = {Multiobjective evolutionary algorithms for complex portfolio optimization problems},
  year = {2009}
}

@INPROCEEDINGS{pso,
  author={Kennedy, J. and Eberhart, R.}, 
  booktitle={Neural Networks, 1995. Proceedings., IEEE International Conference on}, 
  title={Particle swarm optimization}, 
  year={1995}, 
  month={Nov}, 
  volume={4}, 
  pages={1942-1948 vol.4}, 
  doi={10.1109/ICNN.1995.488968},
}

@INPROCEEDINGS{pso2, 
  author={Yuhui Shi and Eberhart, R.}, 
  booktitle={Evolutionary Computation Proceedings, 1998. IEEE World Congress on Computational Intelligence.}, 
  title={A modified particle swarm optimizer}, 
  year={1998}, 
  month={May}, 
  pages={69-73}, 
  doi={10.1109/ICEC.1998.699146},
}

@ARTICLE{pso3, 
  author={Clerc, M. and Kennedy, J.}, 
  journal={Evolutionary Computation, IEEE Transactions on}, 
  title={The particle swarm - explosion, stability, and convergence in a multidimensional complex space}, 
  year={2002}, 
  month={Feb}, 
  pages={58-73}, 
  doi={10.1109/4235.985692}, 
}

@ARTICLE{pso4, 
  author={Parsopoulos, K.E. and Vrahatis, M.N.}, 
  journal={Evolutionary Computation, IEEE Transactions on}, 
  title={Recent approaches to global optimization problems through particle swarm optimization}, 
  year={2002}, 
  pages={235-306}, 
  volume={1},
}

