@misc{coin_dp,
  author = {Computing Department, Cornell University},
  title = {Dynamic Programming: Partition},
  howpublished = {\url{http://www.cs.cornell.edu/~wdtseng/icpc/notes/dp3.pdf}},
  note = {Accessed: January,2014}
}

@misc{main,
  author = {Andrews, George E.},
  title = {The Theory of Partitions},
  year = {1976},
  note = {Cambridge University Press.}
}

@misc{sk,
  author = {Skiena},
  year = {1990},
  note = {p. 51}
}

@misc{euler_1,
  author = {Andrews, George E.},
  title = {Number Theory},
  year = {1971},
  note = {Dover edition, p. 149-150}
}

@article{comparison,
  author = {Kelleher, J. and O'Sullivan, Barry},
  title = {Generating All Partitions: A Comparison Of Two Encodings},
  year = {2009}
}

@article{stars_1,
  author = {Feller, W.},
  title = {An Introduction to Probability Theory and it's Applications},
  year = {1950}
}

@misc{proof_1,
  author = {WolfRam},
  title = {Partition Function},
  howpublished = {\url{http://mathworld.wolfram.com/PartitionFunctionP.html}},
  note = {Accessed: January,2014}
}

@misc{wiki_mcnugget,
  author = {Wikipedia},
  title = {McNugget numbers},
  howpublished = {\url{http://en.wikipedia.org/wiki/Coin_problem#McNugget_numbers}},
  note = {Accessed: January,2014}
}

@misc{wiki_rugby,
  author = {Wikipedia},
  title = {Other examples},
  howpublished = {\url{http://en.wikipedia.org/wiki/Coin_problem#Other_examples}},
  note = {Accessed: January,2014}
}

@misc{wiki_cp,
  author = {Wikipedia},
  title = {Coin Problem},
  howpublished = {\url{http://en.wikipedia.org/wiki/Coin_problem}},
  note = {Accessed: January,2014}
}

@misc{wiki_dp,
  author = {Wikipedia},
  title = {Dynamic Programming},
  howpublished = {\url{http://en.wikipedia.org/wiki/Dynamic_programming}},
  note = {Accessed: January,2014}
}

@misc{wiki_lp,
  author = {Wikipedia},
  title = {Linear Programming},
  howpublished = {\url{http://en.wikipedia.org/wiki/Linear_programming#Integer_unknowns}},
  note = {Accessed: January,2014}
}

@misc{wiki_ga,
  author = {Wikipedia},
  title = {Greedy Algorithm},
  howpublished = {\url{http://en.wikipedia.org/wiki/Greedy_algorithm}},
  note = {Accessed: January,2014}
}

@misc{applications_1,
  author = {Andrews, George E.},
  title = {q-Series: Their Development and Application in Analysis},
  year = {1986}
}