
%
%  ProjectPlan.bib - source text for project plan bibliography
%

@Article{complex,
  author = {Anagostopoulos, Konstantinos P.},
  title = {Mutiobjective evolutionary algorithms for complex optimisation problems.},
  year = {2009}}

@Article{pso,
  author = {Kennedy, James and Eberhart, Russel},
  title = {Particle Swarm Optimisation},
  year = {2001}}

@Article{pso2,
  author = {Laskari, E.C.},
  title = {Particle Swarm Optimisation for Integer Programming},
  year = {2005}}

@misc{finance,
  author = {Cornuejols, Gerard},
  title = {Optimisation Methods in Finance},
  year = {2005}}

@misc{moea,
  author = {Anagnostopoulos, Konstantinos P.},
  title = {Multiobjective evolutionary algorithms for complex portfolio optimization problems},
  year = {2009}}

@misc{port,
  author = {Wikipedia},
  title = {Portfolio Optimisation},
  howpublished = {\url{http://en.wikipedia.org/wiki/Portfolio_optimization}},
  note = {Accessed: February,2014}}

@misc{mathematica,
  author = {Wolfram},
  title = {Mathematica},
  howpublished = {\url{http://www.wolfram.com/mathematica/}},
  note = {Accessed: February,2014}}

@misc{simplex,
  author = {Wikipedia},
  title = {Simplex Method},
  howpublished = {\url{http://en.wikipedia.org/wiki/Simplex_algorithm}},
  note = {Accessed: February,2014}}

@misc{kkt,
  author = {Wikipedia},
  title = {Karush-Kuhn-Tucker Condition},
  howpublished = {\url{http://en.wikipedia.org/wiki/Karush-Kuhn-Tucker_conditions}},
  note = {Accessed: February,2014}}

@misc{wiki_mcnugget,
  author = {Wikipedia},
  title = {McNugget numbers},
  howpublished = {\url{http://en.wikipedia.org/wiki/Coin_problem#McNugget_numbers}},
  note = {Accessed: January,2014}
}

@BOOK{wooldridge2002,
 KEY	= "wooldridge2002",
 AUTHOR = "Michael Wooldridge",
 TITLE  = "{An Introduction to Multiagent Systems}",
 PUBLISHER = "{John Wiley \& Sons}",
 ADDRESS = "{Chichester, UK}",
 MONTH  = feb,
 YEAR	= 2002}

@Article{shoham95,
author = {Y. Shoham and M. Tennenholtz},
title = "{On Social Laws for Artificial Agent Societies: Off-line Design}",
journal = {Artificial Intelligence},
year = {1995},
volume = {73},
number = {1-2},
pages = {231-252}
}

@InProceedings{garcia-camino2005,
author = {A. Garcia-Camino and P. Noriega and Rodriguez-Aguilar, J. A.},
title = "{Implementing Norms in Electronic Institutions}",
booktitle = "{4th Int'l Joint Conf on Autonomous
              Agents and Multiagent Systems (AAMAS)}",
address = "{Utrecht, The Netherlands}",
month = jul,
year = {2005},
publisher = {ACM Press}
}


