%%
%%  HonsReport.bib - sample Latex bibliography
%%

@Article{wilder:1985
   ,author = {G. N. Wilder and M. Brooks}
   ,year = 1985
   ,title = {Young Frankenstein}
   ,journal = {Variety}
   ,volume = {6}
   ,number = {9}
   ,pages = {1236--1247}
}
